@Manual{R-base,
  title = {R: A Language and Environment for Statistical Computing},
  author = {{R Core Team}},
  organization = {R Foundation for Statistical Computing},
  address = {Vienna, Austria},
  year = {2019},
  url = {https://www.R-project.org/},
}

@Manual{R-bookdown,
  title = {bookdown: Authoring Books and Technical Documents with R Markdown},
  author = {Yihui Xie},
  year = {2021},
  note = {https://github.com/rstudio/bookdown,
https://pkgs.rstudio.com/bookdown/},
}

@Manual{R-dagitty,
  title = {dagitty: Graphical Analysis of Structural Causal Models},
  author = {Johannes Textor and Benito {van der Zander} and Ankur Ankan},
  year = {2021},
  note = {R package version 0.3-1},
  url = {https://CRAN.R-project.org/package=dagitty},
}

@Manual{R-data.table,
  title = {data.table: Extension of `data.frame`},
  author = {Matt Dowle and Arun Srinivasan},
  year = {2021},
  note = {R package version 1.14.0},
  url = {https://CRAN.R-project.org/package=data.table},
}

@Manual{R-dplyr,
  title = {dplyr: A Grammar of Data Manipulation},
  author = {Hadley Wickham and Romain François and Lionel Henry and Kirill Müller},
  year = {2021},
  note = {R package version 1.0.5},
  url = {https://CRAN.R-project.org/package=dplyr},
}

@Manual{R-flextable,
  title = {flextable: Functions for Tabular Reporting},
  author = {David Gohel},
  year = {2021},
  note = {https://ardata-fr.github.io/flextable-book/,
https://davidgohel.github.io/flextable/},
}

@Manual{R-ggdag,
  title = {ggdag: Analyze and Create Elegant Directed Acyclic Graphs},
  author = {Malcolm Barrett},
  year = {2021},
  note = {R package version 0.2.3},
  url = {https://github.com/malcolmbarrett/ggdag},
}

@Manual{R-ggplot2,
  title = {ggplot2: Create Elegant Data Visualisations Using the Grammar of Graphics},
  author = {Hadley Wickham and Winston Chang and Lionel Henry and Thomas Lin Pedersen and Kohske Takahashi and Claus Wilke and Kara Woo and Hiroaki Yutani and Dewey Dunnington},
  year = {2021},
  note = {R package version 3.3.5},
  url = {https://CRAN.R-project.org/package=ggplot2},
}

@Manual{R-kableExtra,
  title = {kableExtra: Construct Complex Table with kable and Pipe Syntax},
  author = {Hao Zhu},
  year = {2020},
  note = {http://haozhu233.github.io/kableExtra/,
https://github.com/haozhu233/kableExtra},
}

@Manual{R-knitr,
  title = {knitr: A General-Purpose Package for Dynamic Report Generation in R},
  author = {Yihui Xie},
  year = {2021},
  note = {R package version 1.31},
  url = {https://yihui.org/knitr/},
}

@Manual{R-koRpus,
  title = {koRpus: An R Package for Text Analysis},
  author = {Meik Michalke},
  year = {2018},
  note = {R package version 0.11-5},
  url = {https://reaktanz.de/?c=hacking&s=koRpus},
}

@Manual{R-koRpus.lang.en,
  title = {koRpus.lang.en: Language Support for koRpus Package: English},
  author = {Meik Michalke},
  year = {2019},
  note = {R package version 0.1-3},
  url = {https://reaktanz.de/?c=hacking&s=koRpus},
}

@Manual{R-magrittr,
  title = {magrittr: A Forward-Pipe Operator for R},
  author = {Stefan Milton Bache and Hadley Wickham},
  year = {2020},
  note = {R package version 2.0.1},
  url = {https://CRAN.R-project.org/package=magrittr},
}

@Manual{R-medrxivr,
  title = {medrxivr: Access and Search MedRxiv and BioRxiv Preprint Data},
  author = {Luke McGuinness and Lena Schmidt},
  year = {2021},
  note = {R package version 0.0.5.9000},
  url = {https://github.com/ropensci/medrxivr},
}

@Manual{R-networkD3,
  title = {networkD3: D3 JavaScript Network Graphs from R},
  author = {J.J. Allaire and Christopher Gandrud and Kenton Russell and CJ Yetman},
  year = {2017},
  note = {R package version 0.4},
  url = {https://CRAN.R-project.org/package=networkD3},
}

@Manual{R-patchwork,
  title = {patchwork: The Composer of Plots},
  author = {Thomas Lin Pedersen},
  year = {2020},
  note = {R package version 1.1.1},
  url = {https://CRAN.R-project.org/package=patchwork},
}

@Manual{R-readxl,
  title = {readxl: Read Excel Files},
  author = {Hadley Wickham and Jennifer Bryan},
  year = {2019},
  note = {R package version 1.3.1},
  url = {https://CRAN.R-project.org/package=readxl},
}

@Manual{R-robvis,
  title = {robvis: Visualize the Results of Risk-of-Bias (ROB) Assessments},
  author = {Luke McGuinness},
  note = {R package version 0.3.0.900},
  url = {https://github.com/mcguinlu/robvis},
  year = {2021},
}

@Manual{R-sf,
  title = {sf: Simple Features for R},
  author = {Edzer Pebesma},
  year = {2021},
  note = {R package version 0.9-8},
  url = {https://CRAN.R-project.org/package=sf},
}

@Manual{R-sylly,
  title = {sylly: Hyphenation and Syllable Counting for Text Analysis},
  author = {Meik Michalke},
  year = {2018},
  note = {R package version 0.1-5},
  url = {https://reaktanz.de/?c=hacking&s=sylly},
}

@Book{bookdown2016,
  title = {bookdown: Authoring Books and Technical Documents with {R} Markdown},
  author = {Yihui Xie},
  publisher = {Chapman and Hall/CRC},
  address = {Boca Raton, Florida},
  year = {2016},
  note = {ISBN 978-1138700109},
  url = {https://bookdown.org/yihui/bookdown},
}

@Article{dagitty2016,
  title = {Robust causal inference using directed acyclic graphs: the R package 'dagitty'},
  journal = {International Journal of Epidemiology},
  author = {Johannes Textor and Benito {van der Zander} and Mark S Gilthorpe and Maciej Liśkiewicz and George TH Ellison},
  volume = {45},
  number = {6},
  pages = {1887--1894},
  year = {2016},
  doi = {10.1093/ije/dyw341},
}

@Book{ggplot22016,
  author = {Hadley Wickham},
  title = {ggplot2: Elegant Graphics for Data Analysis},
  publisher = {Springer-Verlag New York},
  year = {2016},
  isbn = {978-3-319-24277-4},
  url = {https://ggplot2.tidyverse.org},
}

@Book{knitr2015,
  title = {Dynamic Documents with {R} and knitr},
  author = {Yihui Xie},
  publisher = {Chapman and Hall/CRC},
  address = {Boca Raton, Florida},
  year = {2015},
  edition = {2nd},
  note = {ISBN 978-1498716963},
  url = {https://yihui.org/knitr/},
}

@InCollection{knitr2014,
  booktitle = {Implementing Reproducible Computational Research},
  editor = {Victoria Stodden and Friedrich Leisch and Roger D. Peng},
  title = {knitr: A Comprehensive Tool for Reproducible Research in {R}},
  author = {Yihui Xie},
  publisher = {Chapman and Hall/CRC},
  year = {2014},
  note = {ISBN 978-1466561595},
  url = {http://www.crcpress.com/product/isbn/9781466561595},
}

@Manual{koRpus2018,
  title = {koRpus: An R Package for Text Analysis},
  author = {Meik Michalke},
  year = {2018},
  note = {(Version 0.11-5)},
  url = {https://reaktanz.de/?c=hacking&s=koRpus},
}

@Manual{koRpus.lang.en2019,
  title = {koRpus.lang.en: Language Support for 'koRpus' Package: English},
  author = {Meik Michalke},
  year = {2019},
  note = {(Version 0.1-3)},
  url = {https://reaktanz.de/?c=hacking&s=koRpus},
}

@Article{medrxivr2020,
  title = {medrxivr: Accessing and searching medRxiv and bioRxiv preprint data in R},
  author = {Luke A. McGuinness and Lena Schmidt},
  journal = {Journal of Open Source Software},
  year = {2020},
  volume = {5},
  number = {54},
  pages = {2651},
  doi = {10.21105/joss.02651},
  url = {https://doi.org/10.21105/joss.02651},
}

@Article{robvis2020,
  title = {Risk-of-bias VISualization (robvis): An R package and Shiny web app for visualizing risk-of-bias assessments},
  author = {Luke A McGuinness and Julian PT Higgins},
  year = {2020},
  journal = {Research Synthesis Methods},
  url = {https://github.com/mcguinlu/robvis},
  doi = {10.1002/jrsm.1411},
}

@Article{sf2018,
  author = {Edzer Pebesma},
  title = {{Simple Features for R: Standardized Support for Spatial Vector Data}},
  year = {2018},
  journal = {{The R Journal}},
  doi = {10.32614/RJ-2018-009},
  url = {https://doi.org/10.32614/RJ-2018-009},
  pages = {439--446},
  volume = {10},
  number = {1},
}

@Manual{sylly2018,
  title = {sylly: Hyphenation and Syllable Counting for Text Analysis},
  author = {Meik Michalke},
  year = {2018},
  note = {(Version 0.1-5)},
  url = {https://reaktanz.de/?c=hacking&s=sylly},
}

