@Manual{base,
  title = {R: A Language and Environment for Statistical Computing},
  author = {{R Core Team}},
  organization = {R Foundation for Statistical Computing},
  address = {Vienna, Austria},
  year = {2019},
  url = {https://www.R-project.org/},
}
@Manual{cranlogs,
  title = {cranlogs: Download Logs from the 'RStudio' 'CRAN' Mirror},
  author = {Gábor Csárdi},
  year = {2019},
  note = {R package version 2.1.1},
  url = {https://CRAN.R-project.org/package=cranlogs},
}
@Manual{dplyr,
  title = {dplyr: A Grammar of Data Manipulation},
  author = {Hadley Wickham and Romain François and Lionel {
             Henry} and Kirill Müller},
  year = {2020},
  note = {R package version 1.0.2},
  url = {https://CRAN.R-project.org/package=dplyr},
}
@Manual{flextable,
  title = {flextable: Functions for Tabular Reporting},
  author = {David Gohel},
  year = {2020},
  note = {R package version 0.6.1.002},
  url = {https://davidgohel.github.io/flextable/},
}
@Book{ggplot2,
  author = {Hadley Wickham},
  title = {ggplot2: Elegant Graphics for Data Analysis},
  publisher = {Springer-Verlag New York},
  year = {2016},
  isbn = {978-3-319-24277-4},
  url = {https://ggplot2.tidyverse.org},
}
@Manual{glue,
  title = {glue: Interpreted String Literals},
  author = {Jim Hester},
  year = {2020},
  note = {R package version 1.4.2},
  url = {https://CRAN.R-project.org/package=glue},
}
@Manual{here,
  title = {here: A Simpler Way to Find Your Files},
  author = {Kirill Müller},
  year = {2020},
  note = {R package version 1.0.0},
  url = {https://CRAN.R-project.org/package=here},
}
@Manual{kableExtra,
  title = {kableExtra: Construct Complex Table with 'kable' and Pipe Syntax},
  author = {Hao Zhu},
  year = {2020},
  note = {http://haozhu233.github.io/kableExtra/,
https://github.com/haozhu233/kableExtra},
}
@Manual{knitr,
  title = {knitr: A General-Purpose Package for Dynamic Report Generation in R},
  author = {Yihui Xie},
  year = {2020},
  note = {R package version 1.30},
  url = {https://yihui.org/knitr/},
}

@Book{knitr,
  title = {Dynamic Documents with {R} and knitr},
  author = {Yihui Xie},
  publisher = {Chapman and Hall/CRC},
  address = {Boca Raton, Florida},
  year = {2015},
  edition = {2nd},
  note = {ISBN 978-1498716963},
  url = {https://yihui.org/knitr/},
}

@InCollection{knitr,
  booktitle = {Implementing Reproducible Computational Research},
  editor = {Victoria Stodden and Friedrich Leisch and Roger D. Peng},
  title = {knitr: A Comprehensive Tool for Reproducible Research in {R}},
  author = {Yihui Xie},
  publisher = {Chapman and Hall/CRC},
  year = {2014},
  note = {ISBN 978-1466561595},
  url = {http://www.crcpress.com/product/isbn/9781466561595},
}
@Article{medrxivr,
  title = {medrxivr: Accessing and searching medRxiv and bioRxiv preprint data in R},
  author = {Luke A. McGuinness and Lena Schmidt},
  journal = {Journal of Open Source Software},
  year = {2020},
  volume = {5},
  number = {54},
  pages = {2651},
  doi = {10.21105/joss.02651},
  url = {https://doi.org/10.21105/joss.02651},
}
@Article{plyr,
  title = {The Split-Apply-Combine Strategy for Data Analysis},
  author = {Hadley Wickham},
  journal = {Journal of Statistical Software},
  year = {2011},
  volume = {40},
  number = {1},
  pages = {1--29},
  url = {http://www.jstatsoft.org/v40/i01/},
}
@Manual{rbiorxiv,
  title = {rbiorxiv: Client for the 'bioRxiv' API},
  author = {Nicholas Fraser},
  year = {2020},
  note = {R package version 0.2.0},
  url = {https://CRAN.R-project.org/package=rbiorxiv},
}
@Article{robvis,
  title = {Risk-of-bias VISualization (robvis): An R package and Shiny web app for visualizing risk-of-bias assessments},
  author = {{McGuinness} and Luke A and {Higgins} and Julian PT},
  year = {2020},
  journal = {Research Synthesis Methods},
  url = {https://github.com/mcguinlu/robvis},
  doi = {10.1002/jrsm.1411},
}
@Manual{stringr,
  title = {stringr: Simple, Consistent Wrappers for Common String Operations},
  author = {Hadley Wickham},
  year = {2019},
  note = {R package version 1.4.0},
  url = {https://CRAN.R-project.org/package=stringr},
}
@Manual{wordcountaddin,
  title = {wordcountaddin: Word counts and readability statistics in R markdown documents},
  author = {Ben Marwick},
  year = {2020},
  note = {R package version 0.3.0.9000},
}
